<?xml version="1.0" encoding="UTF-8" ?>
<collection xmlns:xsi="http://www.w3.org/2001/XMLSchema-instance"
    xsi:schemaLocation="http://www.loc.gov/MARC21/slim
        http://www.loc.gov/standards/marcxml/schema/MARC21slim.xsd"
    xmlns="http://www.loc.gov/MARC21/slim">
<record>
  <leader>00247nam a2200469 i 4500</leader>
  <controlfield tag="001">b17515142</controlfield>
  <controlfield tag="003">LeBAU</controlfield>
  <controlfield tag="005">20140205</controlfield>
  <controlfield tag="008">120327s1916    le af         ||0 0 ara d</controlfield>
  <datafield tag="040" ind1=" " ind2=" ">
    <subfield code="a">LEAUB</subfield>
    <subfield code="b">ara</subfield>
    <subfield code="e">rda</subfield>
    <subfield code="c">LEAUB</subfield>
  </datafield>
  <datafield tag="041" ind1="0" ind2=" ">
    <subfield code="a">ara</subfield>
    <subfield code="a">fre</subfield>
  </datafield>
  <datafield tag="082" ind1="0" ind2="4">
    <subfield code="a">892.708</subfield>
    <subfield code="2">23</subfield>
  </datafield>
  <datafield tag="100" ind1="1" ind2=" ">
    <subfield code="6">880-01</subfield>
    <subfield code="a">Kurd ʻAlī, Muḥammad,</subfield>
    <subfield code="d">1876-1953,</subfield>
    <subfield code="e">author.</subfield>
  </datafield>
  <datafield tag="245" ind1="1" ind2="0">
    <subfield code="6">880-02</subfield>
    <subfield code="a">al-Riḥlah al-anwarīyah ilā al-asqāʻ al-Ḥijāzīyah wa-al-Shāmīyah :</subfield>
    <subfield code="b">wa-hiya ṣafaḥāt ḍammat shaml mā tafarraqa min siyāḥat rajul al-ʻUthmānīyyīn wa-baṭal al-Islām wa-al-Muslimīn, ṣāḥib al-dawlah wa-al-ʻuṭūfah Anwar Bāshā wakīl al-qā’id al-a‘ẓam wa-nāẓir al-ḥarbīyah al-jalīlah ilá al-madīnah al-munawwarah wa-Sūrīyah wa-Filasṭīn wa-mā qīla min al-tanwīh bi-afḍālihi ‘an al-millah wa-al-dawlah /</subfield>
    <subfield code="c">taʼlīf Muḥammad Kurd ʻAlī ṣāḥib majallat wa-jarīdat al-Muqtabas wa-ra’īs taḥrīrihā.</subfield>
  </datafield>
  <datafield tag="264" ind1=" " ind2="1">
    <subfield code="6">880-03</subfield>
    <subfield code="a">Bayrūt :</subfield>
    <subfield code="b">al-Maṭbaʻah al-ʻIlmīyah li-Yūsuf Ṣādir,</subfield>
    <subfield code="c">1334 H. = 1916 M.</subfield>
  </datafield>
  <datafield tag="300" ind1=" " ind2=" ">
    <subfield code="6">880-04</subfield>
    <subfield code="a">302 pages, 4 unnumbered pages of plates :</subfield>
    <subfield code="b">illustrations ;</subfield>
    <subfield code="c">20 cm</subfield>
  </datafield>
  <datafield tag="336" ind1=" " ind2=" ">
    <subfield code="a">text</subfield>
    <subfield code="b">txt</subfield>
    <subfield code="2">rdacontent</subfield>
  </datafield>
  <datafield tag="337" ind1=" " ind2=" ">
    <subfield code="a">unmediated</subfield>
    <subfield code="b">n</subfield>
    <subfield code="2">rdamedia</subfield>
  </datafield>
  <datafield tag="338" ind1=" " ind2=" ">
    <subfield code="a">volume</subfield>
    <subfield code="b">nc</subfield>
    <subfield code="2">rdacarrier</subfield>
  </datafield>
  <datafield tag="546" ind1=" " ind2=" ">
    <subfield code="a">بالعربية؛ مع نص بالفرنسية.</subfield>
  </datafield>
  <datafield tag="600" ind1="0" ind2="4">
    <subfield code="a">انور باشا،</subfield>
    <subfield code="d">1881-1922</subfield>
    <subfield code="x">رحلات</subfield>
    <subfield code="z">السعودية</subfield>
    <subfield code="z">الحجاز.</subfield>
  </datafield>
  <datafield tag="600" ind1="0" ind2="4">
    <subfield code="a">انور باشا،</subfield>
    <subfield code="d">1881-1922</subfield>
    <subfield code="x">رحلات</subfield>
    <subfield code="z">سوريا.</subfield>
  </datafield>
  <datafield tag="600" ind1="0" ind2="0">
    <subfield code="a">Enver Pasha,</subfield>
    <subfield code="d">1881-1922</subfield>
    <subfield code="x">Travel</subfield>
    <subfield code="z">Saudi Arabia</subfield>
    <subfield code="z">Hejaz.</subfield>
  </datafield>
  <datafield tag="600" ind1="0" ind2="0">
    <subfield code="a">Enver Pasha,</subfield>
    <subfield code="d">1881-1922</subfield>
    <subfield code="x">Travel</subfield>
    <subfield code="z">Syria.</subfield>
  </datafield>
  <datafield tag="651" ind1=" " ind2="4">
    <subfield code="a">السعودية</subfield>
    <subfield code="z">الحجاز</subfield>
    <subfield code="x">تاريخ.</subfield>
  </datafield>
  <datafield tag="651" ind1=" " ind2="4">
    <subfield code="a">سوريا</subfield>
    <subfield code="x">تاريخ.</subfield>
  </datafield>
  <datafield tag="651" ind1=" " ind2="4">
    <subfield code="a">الحجاز (السعودية)</subfield>
    <subfield code="x">في الادب.</subfield>
  </datafield>
  <datafield tag="651" ind1=" " ind2="4">
    <subfield code="a">سوريا</subfield>
    <subfield code="x">في الأدب.</subfield>
  </datafield>
  <datafield tag="651" ind1=" " ind2="0">
    <subfield code="a">Saudi Arabia</subfield>
    <subfield code="z">Hejaz</subfield>
    <subfield code="x">History.</subfield>
  </datafield>
  <datafield tag="651" ind1=" " ind2="0">
    <subfield code="a">Syria</subfield>
    <subfield code="x">History.</subfield>
  </datafield>
  <datafield tag="651" ind1=" " ind2="0">
    <subfield code="a">Syria</subfield>
    <subfield code="x">In literature.</subfield>
  </datafield>
  <datafield tag="651" ind1=" " ind2="0">
    <subfield code="a">Hejaz (Saudi Arabia)</subfield>
    <subfield code="x">In literature.</subfield>
  </datafield>
  <datafield tag="852" ind1=" " ind2=" ">
    <subfield code="a">Jafet Library</subfield>
    <subfield code="e">American University of Beirut, Bliss Street, Beirut, Lebanon.‎</subfield>
  </datafield>
  <datafield tag="880" ind1="1" ind2=" ">
    <subfield code="6">100-01/(3/r</subfield>
    <subfield code="a">كرد علي، محمد،</subfield>
    <subfield code="d">1876-1953،</subfield>
    <subfield code="e">مؤلف. </subfield>
    <subfield code="4">aut.</subfield>
  </datafield>
  <datafield tag="880" ind1="1" ind2="0">
    <subfield code="6">245-02/(3/r</subfield>
    <subfield code="a">الرحلة الأنورية إلى الأصقاع الحجازية و الشامية :</subfield>
    <subfield code="b">وهي صفحات ضمت شمل ما تفرق من سياحة رجل العثمانيين وبطل الإسلام و المسلمين صاحب الدولة و العطوفة أنور باشا وكيل القائد الأعظم وناظر الحربية الجليلة إلى المدينة المنورة وسورية وفلسطين وما قيل من التنويه بأفضاله عن الملة و الدولة /</subfield>
    <subfield code="c">تأليف محمد كرد علي صاحب مجلة وجريدة المقتبس ورئيس تحريرها.</subfield>
  </datafield>
  <datafield tag="880" ind1=" " ind2="1">
    <subfield code="6">264-03/(3/r</subfield>
    <subfield code="a">بيروت :</subfield>
    <subfield code="b">المطبعة العلمية ليوسف صادر،</subfield>
    <subfield code="c">1334 هـ. = 1916 م.</subfield>
  </datafield>
  <datafield tag="880" ind1=" " ind2=" ">
    <subfield code="6">300-04</subfield>
    <subfield code="a">302 صفحة، 4 صفحات لوحات غير مرقمة :</subfield>
    <subfield code="b">مصورات ؛</subfield>
    <subfield code="c">20 سم</subfield>
  </datafield>
  <datafield tag="907" ind1=" " ind2=" ">
    <subfield code="a">.b17515142</subfield>
    <subfield code="b">16-02-03</subfield>
    <subfield code="c">12-03-27</subfield>
  </datafield>
  <datafield tag="907" ind1=" " ind2=" ">
    <subfield code="a">.b17515142</subfield>
    <subfield code="b">15-10-30</subfield>
    <subfield code="c">12-03-27</subfield>
  </datafield>
  <datafield tag="945" ind1=" " ind2=" ">
    <subfield code="f">J</subfield>
    <subfield code="a">892.708:K968rA:1916</subfield>
    <subfield code="g">1</subfield>
    <subfield code="i">00507850</subfield>
    <subfield code="j">.i19420511</subfield>
    <subfield code="l">u0503</subfield>
  </datafield>
  <datafield tag="998" ind1=" " ind2=" ">
    <subfield code="a">u05</subfield>
    <subfield code="b">13-07-04</subfield>
    <subfield code="c">m</subfield>
    <subfield code="d">a</subfield>
    <subfield code="e">-</subfield>
    <subfield code="f">ara</subfield>
    <subfield code="g">le </subfield>
    <subfield code="h">0</subfield>
    <subfield code="i">0</subfield>
  </datafield>
</record>
</collection>
